@book{SS14,
  title = {Understanding Machine Learning: From Theory to Algorithms},
  author = {Shai Shalev-Shwartz and Shai Ben-David},
  publisher = {Cambridge University Press},
  year = {2014},
}


[1] Semi-Supervised Sequence Modeling with Cross-View Training. Kevin Clark, Minh-Thang Luong, Christopher D. Manning, Quoc V. Le arXiv:1809.08370 [cs.CL]

[2] Automatic Rule Extraction from Long Short Term Memory Networks. W. James Murdoch, Arthur Szlam. arXiv:1702.02540 [cs.CL]

[3] Bayesian Ensembles of Crowds and Deep Learners for Sequence Tagging. Edwin Simpson, Iryna Gurevych. arXiv:1811.00780 [cs.CL]

[4] Virtual Adversarial Training: a Regularization Method for Supervised and Semi-supervised Learning. Takeru Miyato, Shin-ichi Maeda, Shin Ishii. arXiv:1704.03976 [stat.ML]

[5] A Co-Regularization Approach to Semi-supervised Learning with Multiple Views. Vikas Sindhwani. Sindhwani2005ACA

[6] Visual Analysis of Hidden State Dynamics in Recurrent Neural Networks. Hendrik Strobelt, Sebastian Gehrmann, Bernd Huber, Hanspeter Pfister and Alexander M. Rush.
[https://EconPapers.repec.org/RePEc:qsh:wpaper:413341]
(https://econpapers.repec.org/RePEc:qsh:wpaper:413341)

 [7] Aggregating and Predicting Sequence Labels from Crowd Annotations. An Thanh Nguyen, Byron C. Wallace, Matthew Lease. Published in ACL 2017

[8] Learning Whom to Trust with MACE, Dirk Hovy and Taylor Berg-Kirkpatrick and Ashish Vaswani and Eduard H. Hovy. in proceeding 2013 HLT-NAACL

[9]Bayesian Classifier Combination. Hyun-Chul Kim and Zoubin Ghahramani. In proceedings 2012 AISTATS

[10] End-to-end Sequence Labeling via Bi-directional LSTM-CNNs-CRF. Xuezhe Ma and Eduard H. Hovy, 2016 CoRR

[11] Neural Architectures for Named Entity Recognition, Guillaume Lample and Miguel Ballesteros and Sandeep Subramanian and Kazuya Kawakami and Chris Dyer, In proceedings 2016 HLT-NAACL

[12] How To Grade a Test Without Knowing the Answers - A Bayesian Graphical Model for Adaptive Crowdsourcing and Aptitude Testing, Yoram Bachrach and Thore Graepel and Tom Minka and John Guiver, In proceedings 2012 ICML
